@book{wirth_compiler_construction_2005,
	address      = {ZÃ¼rich},
	author       = {Wirth, Niklaus},
	howpublished = {print},
	isbn         = {0-201-40353-6},
	keywords     = {compiler},
	title        = {Compiler Construction},
	type         = {book},
	year         = {2005}
}

@book{a_practical_guide_compiler_construction_watson_2017,
	title     = "A practical approach to compiler construction",
	author    = "Watson, Des",
	publisher = "Springer International Publishing",
	series    = "Undergraduate Topics in Computer Science",
	edition   =  1,
	month     =  apr,
	year      =  2017,
	address   = "Cham, Switzerland",
	language  = "en"
}

@book{Ledin2020-yp,
	title     = "Modern Computer Architecture and Organization",
	author    = "Ledin, Jim",
	publisher = "Packt Publishing",
	month     =  apr,
	year      =  2020,
	address   = "Birmingham, England"
}
